<?xml version="1.0" encoding="UTF-8"?>
<record>
  <leader>     clm0 22        450 </leader>
  <controlfield tag="001">185982980</controlfield>
  <controlfield tag="002">41</controlfield>
  <controlfield tag="003">http://www.sudoc.fr/185982980</controlfield>
  <controlfield tag="004">20150611</controlfield>
  <controlfield tag="005">20200308192723.000</controlfield>
  <controlfield tag="006">4001</controlfield>
  <controlfield tag="007">1999</controlfield>
  <controlfield tag="008">Oax3</controlfield>
  <datafield tag="029" ind1=" " ind2=" ">
    <subfield code="a">FR</subfield>
    <subfield code="b">2015ENSL0990</subfield>
  </datafield>
  <datafield tag="033" ind1=" " ind2=" ">
    <subfield code="a">http://www.theses.fr/2015ENSL0990</subfield>
  </datafield>
  <datafield tag="035" ind1=" " ind2=" ">
    <subfield code="a">(OCoLC)910997727</subfield>
  </datafield>
  <datafield tag="035" ind1=" " ind2=" ">
    <subfield code="a">STAR60965</subfield>
  </datafield>
  <datafield tag="100" ind1=" " ind2=" ">
    <subfield code="a">20150611d2015    k  y0frey50      ba</subfield>
  </datafield>
  <datafield tag="101" ind1="0" ind2=" ">
    <subfield code="a">fre</subfield>
    <subfield code="d">fre</subfield>
    <subfield code="d">eng</subfield>
  </datafield>
  <datafield tag="102" ind1=" " ind2=" ">
    <subfield code="a">FR</subfield>
  </datafield>
  <datafield tag="105" ind1=" " ind2=" ">
    <subfield code="a">y   ma  00|yy</subfield>
  </datafield>
  <datafield tag="135" ind1=" " ind2=" ">
    <subfield code="a">dr|||||||||||</subfield>
  </datafield>
  <datafield tag="181" ind1=" " ind2=" ">
    <subfield code="6">z01</subfield>
    <subfield code="c">txt</subfield>
    <subfield code="2">rdacontent</subfield>
  </datafield>
  <datafield tag="181" ind1=" " ind2="1">
    <subfield code="6">z01</subfield>
    <subfield code="a">i#</subfield>
    <subfield code="b">xxxe##</subfield>
  </datafield>
  <datafield tag="182" ind1=" " ind2=" ">
    <subfield code="6">z01</subfield>
    <subfield code="c">c</subfield>
    <subfield code="2">rdamedia</subfield>
  </datafield>
  <datafield tag="182" ind1=" " ind2="1">
    <subfield code="6">z01</subfield>
    <subfield code="a">b</subfield>
  </datafield>
  <datafield tag="183" ind1=" " ind2="1">
    <subfield code="6">z01</subfield>
    <subfield code="a">ceb</subfield>
    <subfield code="2">rdacarrier</subfield>
  </datafield>
  <datafield tag="200" ind1="1" ind2=" ">
    <subfield code="a">Étude de la dynamique interne du noyau d&apos;une cellule vivante, par des expériences de diffusion dynamique de la lumière</subfield>
    <subfield code="f">Zakia Mokhtari</subfield>
    <subfield code="g">sous la direction de Eric Freyssingeas</subfield>
  </datafield>
  <datafield tag="214" ind1=" " ind2="1">
    <subfield code="d">2015</subfield>
  </datafield>
  <datafield tag="230" ind1=" " ind2=" ">
    <subfield code="a">Données textuelles</subfield>
  </datafield>
  <datafield tag="304" ind1=" " ind2=" ">
    <subfield code="a">Titre provenant de l&apos;écran-titre</subfield>
  </datafield>
  <datafield tag="314" ind1=" " ind2=" ">
    <subfield code="a">Ecole(s) Doctorale(s) : École doctorale de Physique et d’Astrophysique (Lyon)</subfield>
  </datafield>
  <datafield tag="314" ind1=" " ind2=" ">
    <subfield code="a">Partenaire(s) de recherche : Laboratoire de physique (Lyon) (Laboratoire)</subfield>
  </datafield>
  <datafield tag="314" ind1=" " ind2=" ">
    <subfield code="a">Autre(s) contribution(s) : Arezki Boudaoud (Président du jury) ; Eric Freyssingeas, Arezki Boudaoud, Pascal Hebraud, Dominique Vautier, Atef Asnacios, Pierre Borgnat, Axel Buguin, Laurence Salomé (Membre(s) du jury) ; Pascal Hebraud, Dominique Vautier (Rapporteur(s))</subfield>
  </datafield>
  <datafield tag="328" ind1=" " ind2="0">
    <subfield code="b">Thèse de doctorat</subfield>
    <subfield code="c">Physique</subfield>
    <subfield code="e">Lyon, École normale supérieure</subfield>
    <subfield code="d">2015</subfield>
  </datafield>
  <datafield tag="330" ind1=" " ind2=" ">
    <subfield code="a">La connaissance de la dynamique interne du noyau d’une cellule vivante semble essentielle pour la compréhension du fonctionnement des cellules eucaryotes. Ainsi, depuis plus d&apos;une quinzaine d’année, de nombreuses études ont été menées pour sonder cette dynamique. Le projet de recherche de cette thèse s’est inscrit dans cette problématique. Nous avons monté une expérience originale de diffusion dynamique de la lumière pour sonder la dynamique interne du noyau d’une cellule. Le principe est simple, nous faisons passer un faisceau laser à travers le noyau d’une cellule et nous détectons les variations temporelles de l’intensité lumineuse diffusée. Les signaux obtenus sont complexes, non stationnaires, avec plusieurs échelles de temps. Une partie importante du travail de thèse a consisté à trouver une manière fiable de les analyser pour en extraire la dynamique interne du noyau ; nous arrivons à sonder cette dynamique sur quasiment 7 ordres de grandeurs (10-5 – 40 s). En utilisant ce montage et les techniques de traitement du signal qu’on a développé, nous avons étudié la dynamique interne du noyau de cellules issues de deux lignées humaines (SHEP et HeLa) au cours de leur cycle cellulaire. Nous observons des différences notables entre les phases G1, S et G2 et nous pouvons voir les gammes de temps affectées par le changement de phase du cycle cellulaire. Ensuite, nous avons étudié la dynamique du noyau de cellules (SHEP et HeLa), en phase G1, en présence d’une drogue cytobloquante dans le milieu de culture. Nous avons aussi étudié l’effet de la température. Pour des cellules en phase G1, nous avons baissé la température de 37°C à 25° C. Nous avons pu suivre l’évolution de la dynamique lors du refroidissement et à 25°C. Enfin, nous avons étudié la dynamique du noyau des cellules SHEP et HELA fixées.</subfield>
  </datafield>
  <datafield tag="330" ind1=" " ind2=" ">
    <subfield code="a">The knowledge of the internal dynamics of a living cell nucleus appears essential for the comprehension of the activity of eukaryotic cells. Therefore, for the last fifteen years, many studies have been conducted to probe this dynamics. The research project of this thesis is a part of this issue. We set up an original experience of dynamic light scattering to probe the internal dynamics of a cell nucleus. The principle is simple, we pass a laser beam through the nucleus of a cell and we detect the temporal variations of the scattered light intensity. The signals obtained are complex, non-stationary, with different time scales. An important part of the thesis was to find a reliable way to analyze them to extract the internal dynamic of the nucleus; we can probe this dynamic on almost 7 orders of magnitude (10-5 – 40 s). By using this experience and the signal procession techniques that we developed, we studied the internal dynamics of the nucleus of two human cell lines (HELA and SHEP) in their cell cycle. We observe significant differences between the G1 phase, S and G2 and we can see the time ranges affected by phase change of the cell cycle. Next, we have studied nucleus dynamics of cells (SHEP and HELA), in the G phase, in the presence of cytobloquante drug in the culture environment. We also studied the effect of temperature. For cell in G1 phase, we lowered the temperature of 37°C to 25° C. We were able to follow the changing dynamics during the cooling and at 25°C. Finally, we have studied nucleus dynamics of fixed SHEP and HELA cells.</subfield>
  </datafield>
  <datafield tag="337" ind1=" " ind2=" ">
    <subfield code="a">Configuration requise : un logiciel capable de lire un fichier au format : PDF</subfield>
  </datafield>
  <datafield tag="541" ind1="|" ind2=" ">
    <subfield code="a">Internal dynamics of living cell nucleus investigated by means of dynamic light scattering</subfield>
    <subfield code="z">eng</subfield>
  </datafield>
  <datafield tag="606" ind1=" " ind2=" ">
    <subfield code="3">027852997</subfield>
    <subfield code="a">Lumière</subfield>
    <subfield code="x">Diffusion</subfield>
    <subfield code="2">rameau</subfield>
  </datafield>
  <datafield tag="606" ind1=" " ind2=" ">
    <subfield code="3">030042445</subfield>
    <subfield code="a">Cycle cellulaire</subfield>
    <subfield code="2">rameau</subfield>
  </datafield>
  <datafield tag="608" ind1=" " ind2=" ">
    <subfield code="3">027253139</subfield>
    <subfield code="a">Thèses et écrits académiques</subfield>
    <subfield code="2">rameau</subfield>
  </datafield>
  <datafield tag="610" ind1="0" ind2=" ">
    <subfield code="a">Dynamique interne du noyau d’une cellule</subfield>
  </datafield>
  <datafield tag="610" ind1="0" ind2=" ">
    <subfield code="a">Diffusion de la lumière</subfield>
  </datafield>
  <datafield tag="610" ind1="0" ind2=" ">
    <subfield code="a">Cellules fixées</subfield>
  </datafield>
  <datafield tag="686" ind1=" " ind2=" ">
    <subfield code="a">530</subfield>
    <subfield code="2">TEF</subfield>
  </datafield>
  <datafield tag="700" ind1=" " ind2="1">
    <subfield code="3">185758347</subfield>
    <subfield code="a">Mokhtari</subfield>
    <subfield code="b">Zakia</subfield>
    <subfield code="f">1983-....</subfield>
    <subfield code="4">070</subfield>
  </datafield>
  <datafield tag="701" ind1=" " ind2="1">
    <subfield code="3">110147618</subfield>
    <subfield code="a">Freyssingeas</subfield>
    <subfield code="b">Eric</subfield>
    <subfield code="4">727</subfield>
    <subfield code="4">555</subfield>
  </datafield>
  <datafield tag="701" ind1=" " ind2="1">
    <subfield code="3">135253160</subfield>
    <subfield code="a">Boudaoud</subfield>
    <subfield code="b">Arezki</subfield>
    <subfield code="f">1974-....</subfield>
    <subfield code="4">956</subfield>
    <subfield code="4">555</subfield>
  </datafield>
  <datafield tag="701" ind1=" " ind2="1">
    <subfield code="3">130815616</subfield>
    <subfield code="a">Hebraud</subfield>
    <subfield code="b">Pascal</subfield>
    <subfield code="4">958</subfield>
    <subfield code="4">555</subfield>
  </datafield>
  <datafield tag="701" ind1=" " ind2="1">
    <subfield code="3">155372327</subfield>
    <subfield code="a">Vautier</subfield>
    <subfield code="b">Dominique</subfield>
    <subfield code="f">19.. -....</subfield>
    <subfield code="4">958</subfield>
    <subfield code="4">555</subfield>
  </datafield>
  <datafield tag="701" ind1=" " ind2="1">
    <subfield code="3">095014373</subfield>
    <subfield code="a">Asnacios</subfield>
    <subfield code="b">Atef</subfield>
    <subfield code="4">555</subfield>
  </datafield>
  <datafield tag="701" ind1=" " ind2="1">
    <subfield code="3">078817269</subfield>
    <subfield code="a">Borgnat</subfield>
    <subfield code="b">Pierre</subfield>
    <subfield code="4">555</subfield>
  </datafield>
  <datafield tag="701" ind1=" " ind2="1">
    <subfield code="3">110550455</subfield>
    <subfield code="a">Buguin</subfield>
    <subfield code="b">Axel</subfield>
    <subfield code="4">555</subfield>
  </datafield>
  <datafield tag="701" ind1=" " ind2="1">
    <subfield code="3">033216711</subfield>
    <subfield code="a">Salomé</subfield>
    <subfield code="b">Laurence</subfield>
    <subfield code="f">1962-....</subfield>
    <subfield code="4">555</subfield>
  </datafield>
  <datafield tag="711" ind1="0" ind2="2">
    <subfield code="3">149154992</subfield>
    <subfield code="a">École normale supérieure de Lyon</subfield>
    <subfield code="4">295</subfield>
  </datafield>
  <datafield tag="711" ind1="0" ind2="2">
    <subfield code="3">149553331</subfield>
    <subfield code="a">École doctorale de Physique et Astrophysique de Lyon</subfield>
    <subfield code="4">996</subfield>
  </datafield>
  <datafield tag="711" ind1="0" ind2="2">
    <subfield code="3">182438627</subfield>
    <subfield code="a">Laboratoire de physique</subfield>
    <subfield code="c">Lyon</subfield>
    <subfield code="4">981</subfield>
  </datafield>
  <datafield tag="801" ind1=" " ind2="3">
    <subfield code="a">FR</subfield>
    <subfield code="b">Abes</subfield>
    <subfield code="c">20200308</subfield>
    <subfield code="g">AFNOR</subfield>
  </datafield>
  <datafield tag="830" ind1=" " ind2=" ">
    <subfield code="a">Réforme Rameau Genre-Forme retro thèses (ne pas supprimer)</subfield>
  </datafield>
  <datafield tag="856" ind1="4" ind2=" ">
    <subfield code="q">PDF</subfield>
    <subfield code="s">49336313</subfield>
    <subfield code="u">http://www.theses.fr/2015ENSL0990/document</subfield>
    <subfield code="z">Accès au texte intégral</subfield>
  </datafield>
  <datafield tag="856" ind1="4" ind2=" ">
    <subfield code="u">https://tel.archives-ouvertes.fr/tel-01162986</subfield>
  </datafield>
  <datafield tag="930" ind1=" " ind2=" ">
    <subfield code="5">693879901:585915245</subfield>
    <subfield code="b">693879901</subfield>
    <subfield code="j">g</subfield>
  </datafield>
  <datafield tag="940" ind1=" " ind2=" ">
    <subfield code="5">693879901:585915245</subfield>
    <subfield code="a">20170704</subfield>
    <subfield code="b">x</subfield>
  </datafield>
  <datafield tag="941" ind1=" " ind2=" ">
    <subfield code="5">693879901:585915245</subfield>
    <subfield code="a">20170704</subfield>
    <subfield code="b">18:49:47.000</subfield>
  </datafield>
  <datafield tag="991" ind1=" " ind2=" ">
    <subfield code="5">693879901:585915245</subfield>
    <subfield code="a">exemplaire créé automatiquement par STAR</subfield>
  </datafield>
</record>
